@misc{Ipython,
title = {{Ipython Developer documentation}},
note = {on-line at: \url{https://ipython.org/ipython-doc/3/development/}},
    author = {Ipython team},
    year = {2014}
}

@misc{magic,
title = {{Ipython magic documentation}},
note = {on-line at: \url{ https://ipython.org/ipython-doc/3/interactive/magics.html }},
    author = {Ipython team},
    year = {2014}
}

@misc{dlopen,
title = {{dlopen man page}},
note = {on-line at: \url{ http://linux.die.net/man/3/dlopen}},
    author = {},
    year = {}
}



@misc{Jupyter,
title = {{Jupyter project}},
note = {on-line at: \url{http://jupyter.org/}},
    author = {Jupyter project team},
    year = {2016}
}

@misc{Clang,
title = {{Clang}},
note = {on-line at: \url{http://clang.llvm.org/}},
    author = {Clang team},
    year = {2016}
}

@book{LinkersAndLoaders,
  title={{Linkers and Loaders}},
  author={John R. Levine},
  isbn={9781558604964},
  url={http://www.amazon.com/Linkers-Kaufmann-Software-Engineering-Programming/dp/1558604960},
  year={1999},
  publisher={Morgan Kaufman},
}
